@MISC{WEBSITE:1,
	HOWPUBLISHED = "\url{http://mathworld.wolfram.com/SimplicialComplex.html}",
	AUTHOR = "Weisstein, Eric W.",
	TITLE = "Simplicial Complex",
	NOTE = "Accessed on 2018-03-26",
	YEAR = "2018"
}

@inproceedings{grosso1998hierarchical,
  title={Hierarchical meshes for volume data},
  author={Grosso, Roberto and Greiner, G{\"u}nther},
  booktitle={Computer Graphics International, 1998. Proceedings},
  pages={761--769},
  year={1998},
  organization={IEEE}
}

@techreport{moore1992simplical,
  title={Simplical mesh generation with applications},
  author={Moore, Douglas W},
  year={1992},
  institution={Cornell University}
}

@article{ciarlet2002finite,
  title={The finite element method for elliptic problems},
  author={Ciarlet, Philippe G},
  journal={Classics in applied mathematics},
  volume={40},
  pages={1--511},
  year={2002}
}

@article{bey2000simplicial,
  title={Simplicial grid refinement: on Freudenthal's algorithm and the optimal number of congruence classes},
  author={Bey, J{\"u}rgen},
  journal={Numerische Mathematik},
  volume={85},
  number={1},
  pages={1--29},
  year={2000},
  publisher={Springer}
}

@Article{Bey1995,
author="Bey, J.",
title="Tetrahedral grid refinement",
journal="Computing",
year="1995",
month="Dec",
day="01",
volume="55",
number="4",
pages="355--378",
}

@article{bank1983some,
  title={Some refinement algorithms and data structures for regular local mesh refinement},
  author={Bank, Randolph E and Sherman, Andrew H and Weiser, Alan},
  journal={Scientific Computing, Applications of Mathematics and Computing to the Physical Sciences},
  volume={1},
  pages={3--17},
  year={1983},
  publisher={by R. Stepleman et al. IMACS. North-Holland}
}